
@inproceedings{acevedoVandermondeWaveFunction2020,
  title     = {Vandermonde {{Wave Function Ansatz}} for {{Improved Variational Monte Carlo}}},
  booktitle = {2020 {{IEEE}}/{{ACM Fourth Workshop}} on {{Deep Learning}} on {{Supercomputers}} ({{DLS}})},
  author    = {Acevedo, A. and Curry, M. and Joshi, S. H. and Leroux, B. and Malaya, N.},
  year      = {2020},
  month     = nov,
  pages     = {40--47},
  doi       = {10.1109/DLS51937.2020.00010}
}

@article{adamsVariationalMonteCarlo2021,
  title   = {Variational {{Monte Carlo Calculations}} of {{A}} {$\leq$} 4 {{Nuclei}} with an {{Artificial Neural-Network Correlator Ansatz}}},
  author  = {Adams, Corey and Carleo, Giuseppe and Lovato, Alessandro and Rocco, Noemi},
  year    = {2021},
  month   = jul,
  journal = {Physical Review Letters},
  volume  = {127},
  number  = {2},
  pages   = {022502},
  issn    = {0031-9007, 1079-7114},
  doi     = {10.1103/PhysRevLett.127.022502},
  langid  = {english}
}

@article{alijahH4WhatWe2008,
  title   = {H4+: {{What}} Do We Know about It?},
  author  = {Alijah, Alexander and Varandas, Ant{\'o}nio J. C.},
  year    = {2008},
  month   = jul,
  journal = {The Journal of Chemical Physics},
  volume  = {129},
  number  = {3},
  pages   = {034303},
  issn    = {0021-9606, 1089-7690},
  doi     = {10.1063/1.2953571},
  langid  = {english}
}

@article{bartokRepresentingChemicalEnvironments2013,
  title         = {On Representing Chemical Environments},
  author        = {Bart{\'o}k, Albert P. and Kondor, Risi and Cs{\'a}nyi, G{\'a}bor},
  year          = {2013},
  month         = may,
  journal       = {Physical Review B},
  volume        = {87},
  number        = {18},
  eprint        = {1209.3140},
  eprinttype    = {arxiv},
  pages         = {184115},
  issn          = {1098-0121, 1550-235X},
  doi           = {10.1103/PhysRevB.87.184115},
  archiveprefix = {arXiv}
}

@article{batznerSEEquivariantGraph2021,
  title         = {{{SE}}(3)-{{Equivariant Graph Neural Networks}} for {{Data-Efficient}} and {{Accurate Interatomic Potentials}}},
  author        = {Batzner, Simon and Smidt, Tess E. and Sun, Lixin and Mailoa, Jonathan P. and Kornbluth, Mordechai and Molinari, Nicola and Kozinsky, Boris},
  year          = {2021},
  month         = jan,
  journal       = {arXiv:2101.03164 [cond-mat, physics:physics]},
  eprint        = {2101.03164},
  eprinttype    = {arxiv},
  primaryclass  = {cond-mat, physics:physics},
  archiveprefix = {arXiv}
}

@article{behlerAtomcenteredSymmetryFunctions2011,
  title   = {Atom-Centered Symmetry Functions for Constructing High-Dimensional Neural Network Potentials},
  author  = {Behler, J{\"o}rg},
  year    = {2011},
  month   = feb,
  journal = {The Journal of Chemical Physics},
  volume  = {134},
  number  = {7},
  pages   = {074106},
  issn    = {0021-9606, 1089-7690},
  doi     = {10.1063/1.3553717},
  langid  = {english}
}

@article{bernerIsomerizationBicycloButane2010,
  title   = {Isomerization of {{Bicyclo}}[1.1.0]Butane by {{Means}} of the {{Diffusion Quantum Monte Carlo Method}}},
  author  = {Berner, Raphael and L{\"u}chow, Arne},
  year    = {2010},
  month   = dec,
  journal = {The Journal of Physical Chemistry A},
  volume  = {114},
  number  = {50},
  pages   = {13222--13227},
  issn    = {1089-5639, 1520-5215},
  doi     = {10.1021/jp108605g},
  langid  = {english}
}

@misc{bradburyJAXComposableTransformations2018,
  title  = {{{JAX}}: Composable Transformations of {{Python}}+{{NumPy}} Programs},
  author = {Bradbury, James and Frostig, Roy and Hawkins, Peter and Johnson, Matthew James and Leary, Chris and Maclaurin, Dougal and Necula, George and Paszke, Adam and VanderPlas, Jake and {Wanderman-Milne}, Skye and Zhang, Qiao},
  year   = {2018}
}

@article{carleoSolvingQuantumManyBody2017,
  title         = {Solving the {{Quantum Many-Body Problem}} with {{Artificial Neural Networks}}},
  author        = {Carleo, Giuseppe and Troyer, Matthias},
  year          = {2017},
  month         = feb,
  journal       = {Science},
  volume        = {355},
  number        = {6325},
  eprint        = {1606.02318},
  eprinttype    = {arxiv},
  pages         = {602--606},
  issn          = {0036-8075, 1095-9203},
  doi           = {10.1126/science.aag2302},
  archiveprefix = {arXiv}
}

@article{ceperleyMonteCarloSimulation1977,
  title     = {Monte {{Carlo}} Simulation of a Many-Fermion Study},
  author    = {Ceperley, D. and Chester, G. V. and Kalos, M. H.},
  year      = {1977},
  month     = oct,
  journal   = {Physical Review B},
  volume    = {16},
  number    = {7},
  pages     = {3081--3099},
  publisher = {{American Physical Society}},
  doi       = {10.1103/PhysRevB.16.3081}
}

@article{chmielaExactMolecularDynamics2018,
  title     = {Towards Exact Molecular Dynamics Simulations with Machine-Learned Force Fields},
  author    = {Chmiela, Stefan and Sauceda, Huziel E. and M{\"u}ller, Klaus-Robert and Tkatchenko, Alexandre},
  year      = {2018},
  month     = sep,
  journal   = {Nature Communications},
  volume    = {9},
  number    = {1},
  pages     = {3887},
  publisher = {{Nature Publishing Group}},
  issn      = {2041-1723},
  doi       = {10.1038/s41467-018-06169-2},
  copyright = {2018 The Author(s)},
  langid    = {english}
}

@article{chooFermionicNeuralnetworkStates2020,
  title   = {Fermionic Neural-Network States for Ab-Initio Electronic Structure},
  author  = {Choo, Kenny and Mezzacapo, Antonio and Carleo, Giuseppe},
  year    = {2020},
  month   = dec,
  journal = {Nature Communications},
  volume  = {11},
  number  = {1},
  pages   = {2368},
  issn    = {2041-1723},
  doi     = {10.1038/s41467-020-15724-9},
  langid  = {english}
}

@article{christensenFCHLRevisitedFaster2020,
  title     = {{{FCHL}} Revisited: {{Faster}} and More Accurate Quantum Machine Learning},
  author    = {Christensen, Anders S. and Bratholm, Lars A. and Faber, Felix A. and {Anatole von Lilienfeld}, O.},
  year      = {2020},
  journal   = {The Journal of chemical physics},
  volume    = {152},
  number    = {4},
  pages     = {044107},
  publisher = {{AIP Publishing LLC}}
}

@article{conteFulldimensionalInitioPotential2020,
  title   = {Full-Dimensional, {\emph{Ab Initio}} Potential Energy Surface for Glycine with Characterization of Stationary Points and Zero-Point Energy Calculations by Means of Diffusion {{Monte Carlo}} and Semiclassical Dynamics},
  author  = {Conte, Riccardo and Houston, Paul L. and Qu, Chen and Li, Jeffrey and Bowman, Joel M.},
  year    = {2020},
  month   = dec,
  journal = {The Journal of Chemical Physics},
  volume  = {153},
  number  = {24},
  pages   = {244301},
  issn    = {0021-9606, 1089-7690},
  doi     = {10.1063/5.0037175},
  langid  = {english}
}

@misc{ehmkeHippocraticLicenseEthical2019,
  title        = {The {{Hippocratic License}} 2.1: {{An Ethical License}} for {{Open Source}}.},
  author       = {Ehmke, Coraline Ada},
  year         = {2019},
  howpublished = {https://firstdonoharm.dev},
  langid       = {english}
}

@inproceedings{elesedyProvablyStrictGeneralisation2021,
  title     = {Provably {{Strict Generalisation Benefit}} for {{Equivariant Models}}},
  booktitle = {Proceedings of the 38th {{International Conference}} on {{Machine Learning}}},
  author    = {Elesedy, Bryn and Zaidi, Sheheryar},
  year      = {2021},
  month     = jul,
  pages     = {2959--2969},
  publisher = {{PMLR}},
  issn      = {2640-3498},
  langid    = {english}
}

@article{eriksenManyBodyExpandedFull2018,
  title   = {Many-{{Body Expanded Full Configuration Interaction}}. {{I}}. {{Weakly Correlated Regime}}},
  author  = {Eriksen, Janus J. and Gauss, J{\"u}rgen},
  year    = {2018},
  month   = oct,
  journal = {Journal of Chemical Theory and Computation},
  volume  = {14},
  number  = {10},
  pages   = {5180--5191},
  issn    = {1549-9618, 1549-9626},
  doi     = {10.1021/acs.jctc.8b00680},
  langid  = {english}
}

@article{eriksenManyBodyExpandedFull2019,
  title   = {Many-{{Body Expanded Full Configuration Interaction}}. {{II}}. {{Strongly Correlated Regime}}},
  author  = {Eriksen, Janus J. and Gauss, J{\"u}rgen},
  year    = {2019},
  month   = sep,
  journal = {Journal of Chemical Theory and Computation},
  volume  = {15},
  number  = {9},
  pages   = {4873--4884},
  issn    = {1549-9618, 1549-9626},
  doi     = {10.1021/acs.jctc.9b00456},
  langid  = {english}
}

@article{gdanitzAccuratelySolvingElectronic1998,
  title   = {Accurately Solving the Electronic {{Schr\"odinger}} Equation of Atoms and Molecules Using Explicitly Correlated (R12-){{MR-CI}}: The Ground State Potential Energy Curve of {{N2}}},
  author  = {Gdanitz, Robert J.},
  year    = {1998},
  month   = feb,
  journal = {Chemical Physics Letters},
  volume  = {283},
  number  = {5},
  pages   = {253--261},
  issn    = {0009-2614},
  doi     = {10.1016/S0009-2614(97)01392-4},
  langid  = {english}
}

@inproceedings{guoCalibrationModernNeural2017,
  title     = {On {{Calibration}} of {{Modern Neural Networks}}},
  booktitle = {Proceedings of the 34th {{International Conference}} on {{Machine Learning}}},
  author    = {Guo, Chuan and Pleiss, Geoff and Sun, Yu and Weinberger, Kilian Q.},
  year      = {2017},
  month     = jul,
  pages     = {1321--1330},
  publisher = {{PMLR}},
  issn      = {2640-3498},
  langid    = {english}
}

@article{hanSolvingManyelectronSchrodinger2019,
  title   = {Solving Many-Electron {{Schr\"odinger}} Equation Using Deep Neural Networks},
  author  = {Han, Jiequn and Zhang, Linfeng and E, Weinan},
  year    = {2019},
  month   = dec,
  journal = {Journal of Computational Physics},
  volume  = {399},
  pages   = {108929},
  issn    = {0021-9991},
  doi     = {10.1016/j.jcp.2019.108929},
  langid  = {english}
}

@article{helgakerBasissetConvergenceCorrelated1997,
  title   = {Basis-Set Convergence of Correlated Calculations on Water},
  author  = {Helgaker, Trygve and Klopper, Wim and Koch, Henrik and Noga, Jozef},
  year    = {1997},
  month   = jun,
  journal = {The Journal of Chemical Physics},
  volume  = {106},
  number  = {23},
  pages   = {9639--9646},
  issn    = {0021-9606, 1089-7690},
  doi     = {10.1063/1.473863},
  langid  = {english}
}

@article{hermannDeepneuralnetworkSolutionElectronic2020,
  title   = {Deep-Neural-Network Solution of the Electronic {{Schr\"odinger}} Equation},
  author  = {Hermann, Jan and Sch{\"a}tzle, Zeno and No{\'e}, Frank},
  year    = {2020},
  month   = oct,
  journal = {Nature Chemistry},
  volume  = {12},
  number  = {10},
  pages   = {891--897},
  issn    = {1755-4330, 1755-4349},
  doi     = {10.1038/s41557-020-0544-y},
  langid  = {english}
}

@article{hirschfeldUncertaintyQuantificationUsing2020,
  title     = {Uncertainty {{Quantification Using Neural Networks}} for {{Molecular Property Prediction}}},
  author    = {Hirschfeld, Lior and Swanson, Kyle and Yang, Kevin and Barzilay, Regina and Coley, Connor W.},
  year      = {2020},
  month     = aug,
  journal   = {Journal of Chemical Information and Modeling},
  volume    = {60},
  number    = {8},
  pages     = {3770--3780},
  publisher = {{American Chemical Society}},
  issn      = {1549-9596},
  doi       = {10.1021/acs.jcim.0c00502}
}

@article{huangInitioMachineLearning2021,
  title     = {Ab {{Initio Machine Learning}} in {{Chemical Compound Space}}},
  author    = {Huang, Bing and {von Lilienfeld}, O. Anatole},
  year      = {2021},
  month     = aug,
  journal   = {Chemical Reviews},
  volume    = {121},
  number    = {16},
  pages     = {10001--10036},
  publisher = {{American Chemical Society}},
  issn      = {0009-2665},
  doi       = {10.1021/acs.chemrev.0c01303}
}

@article{hutterRepresentingSymmetricFunctions2020,
  title         = {On {{Representing}} ({{Anti}}){{Symmetric Functions}}},
  author        = {Hutter, Marcus},
  year          = {2020},
  month         = jul,
  journal       = {arXiv:2007.15298 [quant-ph]},
  eprint        = {2007.15298},
  eprinttype    = {arxiv},
  primaryclass  = {quant-ph},
  archiveprefix = {arXiv}
}

@article{kesslerArtificialNeuralNetworks2021,
  title      = {Artificial {{Neural Networks}} as {{Trial Wave Functions}} for {{Quantum Monte Carlo}}},
  author     = {Kessler, Jan and Calcavecchia, Francesco and K{\"u}hne, Thomas D.},
  year       = {2021},
  journal    = {Advanced Theory and Simulations},
  volume     = {4},
  number     = {4},
  pages      = {2000269},
  issn       = {2513-0390},
  doi        = {10.1002/adts.202000269},
  langid     = {english},
  annotation = {\_eprint: https://onlinelibrary.wiley.com/doi/pdf/10.1002/adts.202000269}
}

@article{kinalComputationalInvestigationConrotatory2007,
  title   = {Computational {{Investigation}} of the {{Conrotatory}} and {{Disrotatory Isomerization Channels}} of {{Bicyclo}}[1.1.0]Butane to {{Buta-1}},3-Diene: {{A Completely Renormalized Coupled-Cluster Study}}},
  author  = {Kinal, Arma{\v g}an and Piecuch, Piotr},
  year    = {2007},
  month   = feb,
  journal = {The Journal of Physical Chemistry A},
  volume  = {111},
  number  = {4},
  pages   = {734--742},
  issn    = {1089-5639, 1520-5215},
  doi     = {10.1021/jp065721k},
  langid  = {english}
}

@inproceedings{kingmaAdamMethodStochastic2014,
  title         = {Adam: {{A Method}} for {{Stochastic Optimization}}},
  booktitle     = {3rd {{International Conference}} for {{Learning Representations}}},
  author        = {Kingma, Diederik P. and Ba, Jimmy},
  year          = {2014},
  month         = dec,
  eprint        = {1412.6980},
  eprinttype    = {arxiv},
  archiveprefix = {arXiv}
}

@inproceedings{klicperaDirectionalMessagePassing2019,
  title     = {Directional {{Message Passing}} for {{Molecular Graphs}}},
  booktitle = {International {{Conference}} on {{Learning Representations}}},
  author    = {Klicpera, Johannes and Gro{\ss}, Janek and G{\"u}nnemann, Stephan},
  year      = {2019},
  month     = sep,
  langid    = {english}
}

@inproceedings{klicperaFastUncertaintyAwareDirectional2020,
  title         = {Fast and {{Uncertainty-Aware Directional Message Passing}} for {{Non-Equilibrium Molecules}}},
  booktitle     = {{{NeurIPS-W}}},
  author        = {Klicpera, Johannes and Giri, Shankari and Margraf, Johannes T. and G{\"u}nnemann, Stephan},
  year          = {2020},
  month         = dec,
  eprint        = {2011.14115},
  eprinttype    = {arxiv},
  archiveprefix = {arXiv}
}

@inproceedings{kondorGeneralizationEquivarianceConvolution2018,
  title     = {On the {{Generalization}} of {{Equivariance}} and {{Convolution}} in {{Neural Networks}} to the {{Action}} of {{Compact Groups}}},
  booktitle = {International {{Conference}} on {{Machine Learning}}},
  author    = {Kondor, Risi and Trivedi, Shubhendu},
  year      = {2018},
  month     = jul,
  pages     = {2747--2755},
  publisher = {{PMLR}},
  issn      = {2640-3498},
  langid    = {english}
}

@article{lambBayesianGraphNeural2020,
  title         = {Bayesian {{Graph Neural Networks}} for {{Molecular Property Prediction}}},
  author        = {Lamb, George and Paige, Brooks},
  year          = {2020},
  month         = nov,
  journal       = {arXiv:2012.02089 [cs, q-bio]},
  eprint        = {2012.02089},
  eprinttype    = {arxiv},
  primaryclass  = {cs, q-bio},
  archiveprefix = {arXiv}
}

@article{leroyAccurateAnalyticPotential2006,
  title   = {An Accurate Analytic Potential Function for Ground-State {{N2}} from a Direct-Potential-Fit Analysis of Spectroscopic Data},
  author  = {Le Roy, Robert J. and Huang, Yiye and Jary, Calvin},
  year    = {2006},
  month   = oct,
  journal = {The Journal of Chemical Physics},
  volume  = {125},
  number  = {16},
  pages   = {164310},
  issn    = {0021-9606, 1089-7690},
  doi     = {10.1063/1.2354502},
  langid  = {english}
}

@article{lyakhMultireferenceNatureChemistry2012,
  title   = {Multireference {{Nature}} of {{Chemistry}}: {{The Coupled-Cluster View}}},
  author  = {Lyakh, Dmitry I. and Musia{\l}, Monika and Lotrich, Victor F. and Bartlett, Rodney J.},
  year    = {2012},
  month   = jan,
  journal = {Chemical Reviews},
  volume  = {112},
  number  = {1},
  pages   = {182--243},
  issn    = {0009-2665, 1520-6890},
  doi     = {10.1021/cr2001417},
  langid  = {english}
}

@inproceedings{martensDeepLearningHessianfree2010,
  title     = {Deep Learning via {{Hessian-free}} Optimization},
  booktitle = {Proceedings of the 27th {{International Conference}} on {{International Conference}} on {{Machine Learning}}},
  author    = {Martens, James},
  year      = {2010},
  month     = jun,
  series    = {{{ICML}}'10},
  pages     = {735--742},
  publisher = {{Omnipress}},
  address   = {{Madison, WI, USA}},
  isbn      = {978-1-60558-907-7}
}

@inproceedings{martensOptimizingNeuralNetworks2015,
  title     = {Optimizing Neural Networks with {{Kronecker-factored}} Approximate Curvature},
  booktitle = {Proceedings of the 32nd {{International Conference}} on {{International Conference}} on {{Machine Learning-Volume}} 37},
  author    = {Martens, James and Grosse, Roger},
  year      = {2015},
  pages     = {2408--2417}
}

@article{mcmillanGroundStateLiquid1965,
  title     = {Ground {{State}} of {{Liquid He4}}},
  author    = {McMillan, W. L.},
  year      = {1965},
  month     = apr,
  journal   = {Physical Review},
  volume    = {138},
  number    = {2A},
  pages     = {A442-A451},
  publisher = {{American Physical Society}},
  doi       = {10.1103/PhysRev.138.A442}
}

@article{mottaSolutionManyElectronProblem2017,
  title   = {Towards the {{Solution}} of the {{Many-Electron Problem}} in {{Real Materials}}: {{Equation}} of {{State}} of the {{Hydrogen Chain}} with {{State-of-the-Art Many-Body Methods}}},
  author  = {Motta, Mario and Ceperley, David M. and Chan, Garnet Kin-Lic and Gomez, John A. and Gull, Emanuel and Guo, Sheng and {Jim{\'e}nez-Hoyos}, Carlos A. and Lan, Tran Nguyen and Li, Jia and Ma, Fengjie and Millis, Andrew J. and Prokof'ev, Nikolay V. and Ray, Ushnish and Scuseria, Gustavo E. and Sorella, Sandro and Stoudenmire, Edwin M. and Sun, Qiming and Tupitsyn, Igor S. and White, Steven R. and Zgid, Dominika and Zhang, Shiwei and {Simons Collaboration on the Many-Electron Problem}},
  year    = {2017},
  month   = sep,
  journal = {Physical Review X},
  volume  = {7},
  number  = {3},
  pages   = {031059},
  issn    = {2160-3308},
  doi     = {10.1103/PhysRevX.7.031059},
  langid  = {english}
}

@article{musilFastAccurateUncertainty2019,
  title   = {Fast and {{Accurate Uncertainty Estimation}} in {{Chemical Machine Learning}}},
  author  = {Musil, F{\'e}lix and Willatt, Michael J. and Langovoy, Mikhail A. and Ceriotti, Michele},
  year    = {2019},
  month   = feb,
  journal = {Journal of Chemical Theory and Computation},
  volume  = {15},
  number  = {2},
  pages   = {906--915},
  issn    = {1549-9618, 1549-9626},
  doi     = {10.1021/acs.jctc.8b00959},
  langid  = {english}
}

@article{nagaiNeuralnetworkKohnShamExchangecorrelation2018,
  title   = {Neural-Network {{Kohn-Sham}} Exchange-Correlation Potential and Its out-of-Training Transferability},
  author  = {Nagai, Ryo and Akashi, Ryosuke and Sasaki, Shu and Tsuneyuki, Shinji},
  year    = {2018},
  month   = jun,
  journal = {The Journal of Chemical Physics},
  volume  = {148},
  number  = {24},
  pages   = {241737},
  issn    = {0021-9606, 1089-7690},
  doi     = {10.1063/1.5029279},
  langid  = {english}
}

@article{neuscammanOptimizingLargeParameter2012,
  title         = {Optimizing Large Parameter Sets in Variational Quantum {{Monte Carlo}}},
  author        = {Neuscamman, Eric and Umrigar, C. J. and Chan, Garnet Kin-Lic},
  year          = {2012},
  month         = jan,
  journal       = {Physical Review B},
  volume        = {85},
  number        = {4},
  eprint        = {1108.0900},
  eprinttype    = {arxiv},
  pages         = {045103},
  issn          = {1098-0121, 1550-235X},
  doi           = {10.1103/PhysRevB.85.045103},
  archiveprefix = {arXiv}
}

@article{pappuMakingGraphNeural2020,
  title         = {Making {{Graph Neural Networks Worth It}} for {{Low-Data Molecular Machine Learning}}},
  author        = {Pappu, Aneesh and Paige, Brooks},
  year          = {2020},
  month         = nov,
  journal       = {arXiv:2011.12203 [cs]},
  eprint        = {2011.12203},
  eprinttype    = {arxiv},
  primaryclass  = {cs},
  archiveprefix = {arXiv}
}

@inproceedings{pascanuDifficultyTrainingRecurrent2013,
  title     = {On the Difficulty of Training Recurrent Neural Networks},
  booktitle = {International Conference on Machine Learning},
  author    = {Pascanu, Razvan and Mikolov, Tomas and Bengio, Yoshua},
  year      = {2013},
  pages     = {1310--1318},
  publisher = {{PMLR}}
}

@article{pfauInitioSolutionManyelectron2020,
  title     = {Ab Initio Solution of the Many-Electron {{Schr\"odinger}} Equation with Deep Neural Networks},
  author    = {Pfau, David and Spencer, James S. and Matthews, Alexander G. D. G. and Foulkes, W. M. C.},
  year      = {2020},
  month     = sep,
  journal   = {Physical Review Research},
  volume    = {2},
  number    = {3},
  pages     = {033429},
  publisher = {{American Physical Society}},
  doi       = {10.1103/PhysRevResearch.2.033429}
}

@article{qiaoOrbNetDeepLearning2020,
  title         = {{{OrbNet}}: {{Deep Learning}} for {{Quantum Chemistry Using Symmetry-Adapted Atomic-Orbital Features}}},
  author        = {Qiao, Zhuoran and Welborn, Matthew and Anandkumar, Animashree and Manby, Frederick R. and Miller III, Thomas F.},
  year          = {2020},
  month         = sep,
  journal       = {The Journal of Chemical Physics},
  volume        = {153},
  number        = {12},
  eprint        = {2007.08026},
  eprinttype    = {arxiv},
  pages         = {124111},
  issn          = {0021-9606, 1089-7690},
  doi           = {10.1063/5.0021955},
  archiveprefix = {arXiv}
}

@article{qiaoUNiTEUnitaryNbody2021,
  title         = {{{UNiTE}}: {{Unitary N-body Tensor Equivariant Network}} with {{Applications}} to {{Quantum Chemistry}}},
  author        = {Qiao, Zhuoran and Christensen, Anders S. and Manby, Frederick R. and Welborn, Matthew and Anandkumar, Anima and Miller III, Thomas F.},
  year          = {2021},
  month         = may,
  journal       = {arXiv:2105.14655 [physics]},
  eprint        = {2105.14655},
  eprinttype    = {arxiv},
  primaryclass  = {physics},
  archiveprefix = {arXiv}
}

@article{ramakrishnanQuantumChemistryStructures2014,
  title   = {Quantum Chemistry Structures and Properties of 134 Kilo Molecules},
  author  = {Ramakrishnan, Raghunathan and Dral, Pavlo O. and Rupp, Matthias and {von Lilienfeld}, O. Anatole},
  year    = {2014},
  month   = dec,
  journal = {Scientific Data},
  volume  = {1},
  number  = {1},
  pages   = {140022},
  issn    = {2052-4463},
  doi     = {10.1038/sdata.2014.22},
  langid  = {english}
}

@article{scherbelaSolvingElectronicSchrodinger2021,
  title         = {Solving the Electronic {{Schr\"odinger}} Equation for Multiple Nuclear Geometries with Weight-Sharing Deep Neural Networks},
  author        = {Scherbela, Michael and Reisenhofer, Rafael and Gerard, Leon and Marquetand, Philipp and Grohs, Philipp},
  year          = {2021},
  month         = may,
  journal       = {arXiv:2105.08351 [physics]},
  eprint        = {2105.08351},
  eprinttype    = {arxiv},
  primaryclass  = {physics},
  archiveprefix = {arXiv}
}

@article{schmidtMachineLearningPhysical2019,
  title   = {Machine {{Learning}} the {{Physical Nonlocal Exchange}}\textendash{{Correlation Functional}} of {{Density-Functional Theory}}},
  author  = {Schmidt, Jonathan and {Benavides-Riveros}, Carlos L. and Marques, Miguel A. L.},
  year    = {2019},
  month   = oct,
  journal = {The Journal of Physical Chemistry Letters},
  volume  = {10},
  number  = {20},
  pages   = {6425--6431},
  issn    = {1948-7185, 1948-7185},
  doi     = {10.1021/acs.jpclett.9b02422},
  langid  = {english}
}

@article{schuttSchNetDeepLearning2018,
  title   = {{{SchNet}} \textendash{} {{A}} Deep Learning Architecture for Molecules and Materials},
  author  = {Sch{\"u}tt, K. T. and Sauceda, H. E. and Kindermans, P.-J. and Tkatchenko, A. and M{\"u}ller, K.-R.},
  year    = {2018},
  month   = jun,
  journal = {The Journal of Chemical Physics},
  volume  = {148},
  number  = {24},
  pages   = {241722},
  issn    = {0021-9606, 1089-7690},
  doi     = {10.1063/1.5019779},
  langid  = {english}
}

@article{shenCombiningActivespaceCoupledcluster2012,
  title   = {Combining Active-Space Coupled-Cluster Methods with Moment Energy Corrections via the {{CC}}( {{{\emph{P}}}} ; {{{\emph{Q}}}} ) Methodology, with Benchmark Calculations for Biradical Transition States},
  author  = {Shen, Jun and Piecuch, Piotr},
  year    = {2012},
  month   = apr,
  journal = {The Journal of Chemical Physics},
  volume  = {136},
  number  = {14},
  pages   = {144104},
  issn    = {0021-9606, 1089-7690},
  doi     = {10.1063/1.3700802},
  langid  = {english}
}

@article{spencerBetterFasterFermionic2020,
  title         = {Better, {{Faster Fermionic Neural Networks}}},
  author        = {Spencer, James S. and Pfau, David and Botev, Aleksandar and Foulkes, W. M. C.},
  year          = {2020},
  month         = nov,
  journal       = {3rd NeurIPS Workshop on Machine Learning and Physical Science},
  eprint        = {2011.07125},
  eprinttype    = {arxiv},
  archiveprefix = {arXiv}
}

@article{suzukiMachineLearningExchangecorrelation2020,
  title   = {Machine Learning Exchange-Correlation Potential in Time-Dependent Density-Functional Theory},
  author  = {Suzuki, Yasumitsu and Nagai, Ryo and Haruyama, Jun},
  year    = {2020},
  month   = may,
  journal = {Physical Review A},
  volume  = {101},
  number  = {5},
  pages   = {050501},
  issn    = {2469-9926, 2469-9934},
  doi     = {10.1103/PhysRevA.101.050501},
  langid  = {english}
}

@book{szaboModernQuantumChemistry2012,
  title     = {Modern Quantum Chemistry: Introduction to Advanced Electronic Structure Theory},
  author    = {Szabo, Attila and Ostlund, Neil S.},
  year      = {2012},
  publisher = {{Courier Corporation}}
}

@article{tellinghuisenUseMorseRKR1982,
  title     = {The Use of Morse\textemdash{{RKR}} Curves in Diatomic Calculations},
  author    = {Tellinghuisen, Joel and Henderson, Stuart D.},
  year      = {1982},
  journal   = {Chemical Physics Letters},
  volume    = {91},
  number    = {6},
  pages     = {447--451},
  publisher = {{Elsevier}}
}

@article{thomasTensorFieldNetworks2018,
  title         = {Tensor Field Networks: {{Rotation-}} and Translation-Equivariant Neural Networks for {{3D}} Point Clouds},
  author        = {Thomas, Nathaniel and Smidt, Tess and Kearnes, Steven and Yang, Lusann and Li, Li and Kohlhoff, Kai and Riley, Patrick},
  year          = {2018},
  month         = may,
  journal       = {arXiv:1802.08219 [cs]},
  eprint        = {1802.08219},
  eprinttype    = {arxiv},
  primaryclass  = {cs},
  archiveprefix = {arXiv}
}

@article{tranMethodsComparingUncertainty2020,
  title   = {Methods for Comparing Uncertainty Quantifications for Material Property Predictions},
  author  = {Tran, Kevin and Neiswanger, Willie and Yoon, Junwoong and Zhang, Qingyang and Xing, Eric and Ulissi, Zachary W},
  year    = {2020},
  month   = may,
  journal = {Machine Learning: Science and Technology},
  volume  = {1},
  number  = {2},
  pages   = {025006},
  issn    = {2632-2153},
  doi     = {10.1088/2632-2153/ab7e1a},
  langid  = {english}
}

@article{trogoloGasPhaseOzoneReactions2019,
  title   = {Gas-{{Phase Ozone Reactions}} with a {{Structurally Diverse Set}} of {{Molecules}}: {{Barrier Heights}} and {{Reaction Energies Evaluated}} by {{Coupled Cluster}} and {{Density Functional Theory Calculations}}},
  author  = {Trogolo, Daniela and Arey, J. Samuel and Tentscher, Peter R.},
  year    = {2019},
  month   = jan,
  journal = {The Journal of Physical Chemistry A},
  volume  = {123},
  number  = {2},
  pages   = {517--536},
  issn    = {1089-5639, 1520-5215},
  doi     = {10.1021/acs.jpca.8b10323},
  langid  = {english}
}

@article{tsubakiQuantumDeepField2020,
  title   = {Quantum {{Deep Field}}: {{Data-Driven Wave Function}}, {{Electron Density Generation}}, and {{Atomization Energy Prediction}} and {{Extrapolation}} with {{Machine Learning}}},
  author  = {Tsubaki, Masashi and Mizoguchi, Teruyasu},
  year    = {2020},
  journal = {Physical Review Letters},
  pages   = {6},
  langid  = {english}
}

@article{wengertDataefficientMachineLearning2021,
  title   = {Data-Efficient Machine Learning for Molecular Crystal Structure Prediction},
  author  = {Wengert, Simon and Cs{\'a}nyi, G{\'a}bor and Reuter, Karsten and Margraf, Johannes T.},
  year    = {2021},
  journal = {Chemical Science},
  pages   = {10.1039.D0SC05765G},
  issn    = {2041-6520, 2041-6539},
  doi     = {10.1039/D0SC05765G},
  langid  = {english}
}

@article{wilsonSimulationsStateoftheartFermionic2021,
  title         = {Simulations of State-of-the-Art Fermionic Neural Network Wave Functions with Diffusion {{Monte Carlo}}},
  author        = {Wilson, Max and Gao, Nicholas and Wudarski, Filip and Rieffel, Eleanor and Tubman, Norm M.},
  year          = {2021},
  month         = mar,
  journal       = {arXiv:2103.12570 [physics, physics:quant-ph]},
  eprint        = {2103.12570},
  eprinttype    = {arxiv},
  primaryclass  = {physics, physics:quant-ph},
  archiveprefix = {arXiv}
}

@inproceedings{xuHowPowerfulAre2018,
  title     = {How {{Powerful}} Are {{Graph Neural Networks}}?},
  booktitle = {International {{Conference}} on {{Learning Representations}}},
  author    = {Xu, Keyulu and Hu, Weihua and Leskovec, Jure and Jegelka, Stefanie},
  year      = {2018},
  month     = sep,
  langid    = {english}
}

@article{yangAnalyzingLearnedMolecular2019,
  title   = {Analyzing {{Learned Molecular Representations}} for {{Property Prediction}}},
  author  = {Yang, Kevin and Swanson, Kyle and Jin, Wengong and Coley, Connor and Eiden, Philipp and Gao, Hua and {Guzman-Perez}, Angel and Hopper, Timothy and Kelley, Brian and Mathea, Miriam and Palmer, Andrew and Settels, Volker and Jaakkola, Tommi and Jensen, Klavs and Barzilay, Regina},
  year    = {2019},
  month   = aug,
  journal = {Journal of Chemical Information and Modeling},
  volume  = {59},
  number  = {8},
  pages   = {3370--3388},
  issn    = {1549-9596, 1549-960X},
  doi     = {10.1021/acs.jcim.9b00237},
  langid  = {english}
}

@inproceedings{yangScalableVariationalMonte2020,
  title         = {Scalable Variational {{Monte Carlo}} with Graph Neural Ansatz},
  booktitle     = {{{NeurIPS}} Workshop on {{Machine Learning}} and the {{Physical Sciences}}},
  author        = {Yang, Li and Hu, Wenjun and Li, Li},
  year          = {2020},
  month         = nov,
  eprint        = {2011.12453},
  eprinttype    = {arxiv},
  archiveprefix = {arXiv}
}

@inproceedings{youLargeBatchOptimization2020,
  title     = {Large {{Batch Optimization}} for {{Deep Learning}}: {{Training BERT}} in 76 Minutes},
  booktitle = {Eighth {{International Conference}} on {{Learning Representations}}},
  author    = {You, Yang and Li, Jing and Reddi, Sashank and Hseu, Jonathan and Kumar, Sanjiv and Bhojanapalli, Srinadh and Song, Xiaodan and Demmel, James and Keutzer, Kurt and Hsieh, Cho-Jui},
  year      = {2020},
  month     = apr,
  langid    = {english}
}

@article{zhangEmbeddedAtomNeural2019,
  title   = {Embedded {{Atom Neural Network Potentials}}: {{Efficient}} and {{Accurate Machine Learning}} with a {{Physically Inspired Representation}}},
  author  = {Zhang, Yaolong and Hu, Ce and Jiang, Bin},
  year    = {2019},
  month   = sep,
  journal = {The Journal of Physical Chemistry Letters},
  volume  = {10},
  number  = {17},
  pages   = {4962--4967},
  issn    = {1948-7185, 1948-7185},
  doi     = {10.1021/acs.jpclett.9b02037},
  langid  = {english}
}

@article{zhouExactExchangeCorrelation2019,
  title   = {Toward the {{Exact Exchange}}\textendash{{Correlation Potential}}: {{A Three-Dimensional Convolutional Neural Network Construct}}},
  author  = {Zhou, Yi and Wu, Jiang and Chen, Shuguang and Chen, GuanHua},
  year    = {2019},
  month   = nov,
  journal = {The Journal of Physical Chemistry Letters},
  volume  = {10},
  number  = {22},
  pages   = {7264--7269},
  issn    = {1948-7185, 1948-7185},
  doi     = {10.1021/acs.jpclett.9b02838},
  langid  = {english}
}

@article{vonglehn2023selfattentionansatzabinitioquantum,
  title   = {A Self-Attention Ansatz for Ab-initio Quantum Chemistry},
  author  = {von Glehn, Ingrid and Spencer, James S. and Pfau, David},
  journal = {arXiv},
  year    = {2023},
  url     = {https://arxiv.org/abs/2211.13672},
  eprint  = {2211.13672}
}

@inproceedings{gerardDeepErwin,
  author    = {Gerard, Leon and Scherbela, Michael and Marquetand, Philipp and Grohs, Philipp},
  booktitle = {Advances in Neural Information Processing Systems},
  editor    = {S. Koyejo and S. Mohamed and A. Agarwal and D. Belgrave and K. Cho and A. Oh},
  pages     = {10282--10294},
  publisher = {Curran Associates, Inc.},
  title     = {Gold-standard solutions to the Schr\"{o}dinger equation using deep learning: How much physics do we need?},
  url       = {https://proceedings.neurips.cc/paper_files/paper/2022/file/430894999584d0bd358611e2ecf00b15-Paper-Conference.pdf},
  volume    = {35},
  year      = {2022}
}

@inproceedings{gao2023samplingfree,
  title     = {Sampling-free Inference for Ab-Initio Potential Energy Surface Networks},
  author    = {Nicholas Gao and Stephan G{\"u}nnemann},
  booktitle = {The Eleventh International Conference on Learning Representations },
  year      = {2023},
  url       = {https://openreview.net/forum?id=Tuk3Pqaizx}
}

@article{scherbela2022solving,
  title     = {Solving the electronic Schrödinger equation for multiple nuclear geometries with weight-sharing deep neural networks},
  author    = {Scherbela, Michael and Reisenhofer, Rupert and Gerard, Laurent and others},
  journal   = {Nature Computational Science},
  volume    = {2},
  number    = {5},
  pages     = {331--341},
  year      = {2022},
  publisher = {Nature Publishing Group},
  doi       = {10.1038/s43588-022-00228-x}
}


@inproceedings{gao2023generalizing,
  title     = {Generalizing Neural Wave Functions},
  author    = {Gao, Nicholas and G\"{u}nnemann, Stephan},
  booktitle = {Proceedings of the 40th International Conference on Machine Learning},
  pages     = {10708--10726},
  year      = {2023},
  editor    = {Krause, Andreas and Brunskill, Emma and Cho, Kyunghyun and Engelhardt, Barbara and Sabato, Sivan and Scarlett, Jonathan},
  volume    = {202},
  series    = {Proceedings of Machine Learning Research},
  month     = {23--29 Jul},
  publisher = {PMLR},
  pdf       = {https://proceedings.mlr.press/v202/gao23c/gao23c.pdf},
  url       = {https://proceedings.mlr.press/v202/gao23c.html},
  abstract  = {Recent neural network-based wave functions have achieved state-of-the-art accuracies in modeling ab-initio ground-state potential energy surface. However, these networks can only solve different spatial arrangements of the same set of atoms. To overcome this limitation, we present Graph-learned orbital embeddings (Globe), a neural network-based reparametrization method that can adapt neural wave functions to different molecules. Globe learns representations of local electronic structures that generalize across molecules via spatial message passing by connecting molecular orbitals to covalent bonds. Further, we propose a size-consistent wave function Ansatz, the Molecular orbital network (Moon), tailored to jointly solve Schrödinger equations of different molecules. In our experiments, we find Moon converging in 4.5 times fewer steps to similar accuracy as previous methods or to lower energies given the same time. Further, our analysis shows that Moon’s energy estimate scales additively with increased system sizes, unlike previous work where we observe divergence. In both computational chemistry and machine learning, we are the first to demonstrate that a single wave function can solve the Schrödinger equation of molecules with different atoms jointly.}
}

